<?xml version="1.0" encoding="UTF-8"?><record xmlns="http://www.loc.gov/MARC21/slim" xmlns:cinclude="http://apache.org/cocoon/include/1.0" xmlns:zs="http://www.loc.gov/zing/srw/">
  <leader>00458nz  a2200133n  4500</leader>
  <controlfield tag="001">no 89019497 </controlfield>
  <controlfield tag="003">DLC</controlfield>
  <controlfield tag="005">19891206060345.6</controlfield>
  <controlfield tag="008">891204n| acannaab|          |n aaa     c</controlfield>
  <datafield tag="010" ind1=" " ind2=" ">
    <subfield code="a">no 89019497 </subfield>
  </datafield>
  <datafield tag="040" ind1=" " ind2=" ">
    <subfield code="a">MoSU-L</subfield>
    <subfield code="c">MoSU-L</subfield>
  </datafield>
  <datafield tag="100" ind1="1" ind2="0">
    <subfield code="a">Garro, Alejandro M.</subfield>
    <subfield code="q">(Alejandro Miguel)</subfield>
  </datafield>
  <datafield tag="670" ind1=" " ind2=" ">
    <subfield code="a">His The Louisiana public records doctrine and the civil law tradition, c1989:</subfield>
    <subfield code="b">t.p. (Alejandro M. Garro)</subfield>
  </datafield>
  <datafield tag="670" ind1=" " ind2=" ">
    <subfield code="a">OCLC database, 12-4-89</subfield>
    <subfield code="b">(hdg.: Garro, Alejandro Miguel)</subfield>
  </datafield>
</record>